[gd_scene load_steps=27 format=1]

[ext_resource path="res://scenes/smallWorld/solid_dirt0.png" type="Texture" id=1]
[ext_resource path="res://scenes/smallWorld/solid_dirt1.png" type="Texture" id=2]
[ext_resource path="res://scenes/smallWorld/solid_dirt2.png" type="Texture" id=3]
[ext_resource path="res://scenes/smallWorld/solid_dirt3.png" type="Texture" id=4]
[ext_resource path="res://scenes/smallWorld/solid_dirt4.png" type="Texture" id=5]
[ext_resource path="res://scenes/smallWorld/solid_dirt5.png" type="Texture" id=6]
[ext_resource path="res://scenes/smallWorld/solid_sand1.png" type="Texture" id=7]
[ext_resource path="res://scenes/smallWorld/solid_sand2.png" type="Texture" id=8]
[ext_resource path="res://scenes/smallWorld/solid_sand3.png" type="Texture" id=9]
[ext_resource path="res://scenes/smallWorld/solid_sand4.png" type="Texture" id=10]
[ext_resource path="res://scenes/smallWorld/solid_sand5.png" type="Texture" id=11]
[ext_resource path="res://scenes/smallWorld/solid_sand0.png" type="Texture" id=12]
[ext_resource path="res://scenes/smallWorld/stone5.png" type="Texture" id=13]
[ext_resource path="res://scenes/smallWorld/stone6.png" type="Texture" id=14]
[ext_resource path="res://scenes/smallWorld/stone7.png" type="Texture" id=15]
[ext_resource path="res://scenes/smallWorld/stone8.png" type="Texture" id=16]
[ext_resource path="res://scenes/smallWorld/stone9.png" type="Texture" id=17]

[sub_resource type="RectangleShape2D" id=1]

custom_solver_bias = 0.0
extents = Vector2( 16, 16 )

[sub_resource type="ConvexPolygonShape2D" id=2]

custom_solver_bias = 0.0
points = Vector2Array( 16.1258, -16.8835, 16.0563, 15.963, -16.0263, 16.1713 )

[sub_resource type="ConvexPolygonShape2D" id=3]

custom_solver_bias = 0.0
points = Vector2Array( -15.7605, -15.7693, 16.0563, 15.963, -16.0263, 16.1713 )

[sub_resource type="ConvexPolygonShape2D" id=4]

custom_solver_bias = 0.0
points = Vector2Array( 16.0211, -16.0757, 16.0211, 16.0922, -15.6222, 16.267 )

[sub_resource type="ConvexPolygonShape2D" id=5]

custom_solver_bias = 0.0
points = Vector2Array( -15.4667, 15.8928, 15.8238, -16.4445, 16.2112, 15.6593 )

[sub_resource type="ConvexPolygonShape2D" id=6]

custom_solver_bias = 0.0
points = Vector2Array( 15.9962, -15.9786, 16.0589, 16.0469, -16.0294, 16.0469 )

[sub_resource type="ConvexPolygonShape2D" id=7]

custom_solver_bias = 0.0
points = Vector2Array( -15.8551, -16.7387, 16.0589, 16.0469, -16.0294, 16.0469 )

[sub_resource type="ConvexPolygonShape2D" id=8]

custom_solver_bias = 0.0
points = Vector2Array( -16.0294, 16.0469, -16.0203, -16.0736, 15.9962, -15.9786 )

[sub_resource type="ConvexPolygonShape2D" id=9]

custom_solver_bias = 0.0
points = Vector2Array( 15.9962, -15.9786, 16.0589, 16.0469, -16.2012, -15.976 )

[node name="tilemapSolid" type="Node2D"]

[node name="dirt0" type="Sprite" parent="."]

texture = ExtResource( 1 )
region_rect = Rect2( 0, 0, 32, 32 )

[node name="StaticBody2D" type="StaticBody2D" parent="dirt0"]

input/pickable = false
shapes/0/shape = SubResource( 1 )
shapes/0/transform = Matrix32( 1, 0, 0, 1, 0, 0 )
shapes/0/trigger = false
collision/layers = 1
collision/mask = 1
constant_linear_velocity = Vector2( 0, 0 )
constant_angular_velocity = 0.0
friction = 1.0
bounce = 0.0

[node name="CollisionShape2D" type="CollisionShape2D" parent="dirt0/StaticBody2D"]

shape = SubResource( 1 )
trigger = false
_update_shape_index = 0

[node name="dirt1" type="Sprite" parent="."]

transform/pos = Vector2( 64, 0 )
texture = ExtResource( 2 )
region_rect = Rect2( 0, 0, 32, 32 )

[node name="StaticBody2D" type="StaticBody2D" parent="dirt1"]

input/pickable = false
shapes/0/shape = SubResource( 1 )
shapes/0/transform = Matrix32( 1, 0, 0, 1, 0, 0 )
shapes/0/trigger = false
collision/layers = 1
collision/mask = 1
constant_linear_velocity = Vector2( 0, 0 )
constant_angular_velocity = 0.0
friction = 1.0
bounce = 0.0

[node name="CollisionShape2D" type="CollisionShape2D" parent="dirt1/StaticBody2D"]

shape = SubResource( 1 )
trigger = false
_update_shape_index = 0

[node name="dirt2" type="Sprite" parent="."]

transform/pos = Vector2( 128, 0 )
texture = ExtResource( 3 )
region_rect = Rect2( 0, 0, 32, 32 )

[node name="StaticBody2D" type="StaticBody2D" parent="dirt2"]

input/pickable = false
shapes/0/shape = SubResource( 1 )
shapes/0/transform = Matrix32( 1, 0, 0, 1, 0, 0 )
shapes/0/trigger = false
collision/layers = 1
collision/mask = 1
constant_linear_velocity = Vector2( 0, 0 )
constant_angular_velocity = 0.0
friction = 1.0
bounce = 0.0

[node name="CollisionShape2D" type="CollisionShape2D" parent="dirt2/StaticBody2D"]

shape = SubResource( 1 )
trigger = false
_update_shape_index = 0

[node name="dirt3" type="Sprite" parent="."]

transform/pos = Vector2( 192, 0 )
texture = ExtResource( 4 )
region_rect = Rect2( 0, 0, 32, 32 )

[node name="StaticBody2D" type="StaticBody2D" parent="dirt3"]

input/pickable = false
shapes/0/shape = SubResource( 1 )
shapes/0/transform = Matrix32( 1, 0, 0, 1, 0, 0 )
shapes/0/trigger = false
collision/layers = 1
collision/mask = 1
constant_linear_velocity = Vector2( 0, 0 )
constant_angular_velocity = 0.0
friction = 1.0
bounce = 0.0

[node name="CollisionShape2D" type="CollisionShape2D" parent="dirt3/StaticBody2D"]

shape = SubResource( 1 )
trigger = false
_update_shape_index = 0

[node name="dirt4" type="Sprite" parent="."]

transform/pos = Vector2( 256, 0 )
texture = ExtResource( 5 )
region_rect = Rect2( 0, 0, 32, 32 )

[node name="StaticBody2D" type="StaticBody2D" parent="dirt4"]

input/pickable = false
shapes/0/shape = SubResource( 2 )
shapes/0/transform = Matrix32( 1, 0, 0, 1, 0, 0 )
shapes/0/trigger = false
collision/layers = 1
collision/mask = 1
constant_linear_velocity = Vector2( 0, 0 )
constant_angular_velocity = 0.0
friction = 1.0
bounce = 0.0

[node name="CollisionPolygon2D" type="CollisionPolygon2D" parent="dirt4/StaticBody2D"]

build_mode = 0
polygon = Vector2Array( -16.0263, 16.1713, 16.0563, 15.963, 16.1258, -16.8835 )
shape_range = Vector2( 0, 0 )
trigger = false

[node name="dirt5" type="Sprite" parent="."]

transform/pos = Vector2( 320, 0 )
texture = ExtResource( 6 )
region_rect = Rect2( 0, 0, 32, 32 )

[node name="StaticBody2D" type="StaticBody2D" parent="dirt5"]

input/pickable = false
shapes/0/shape = SubResource( 3 )
shapes/0/transform = Matrix32( 1, 0, 0, 1, 0, 0 )
shapes/0/trigger = false
collision/layers = 1
collision/mask = 1
constant_linear_velocity = Vector2( 0, 0 )
constant_angular_velocity = 0.0
friction = 1.0
bounce = 0.0

[node name="CollisionPolygon2D" type="CollisionPolygon2D" parent="dirt5/StaticBody2D"]

build_mode = 0
polygon = Vector2Array( -16.0263, 16.1713, 16.0563, 15.963, -15.7605, -15.7693 )
shape_range = Vector2( 0, 0 )
trigger = false

[node name="sand1" type="Sprite" parent="."]

transform/pos = Vector2( 64, 64 )
texture = ExtResource( 7 )
region_rect = Rect2( 0, 0, 32, 32 )

[node name="StaticBody2D" type="StaticBody2D" parent="sand1"]

input/pickable = false
shapes/0/shape = SubResource( 1 )
shapes/0/transform = Matrix32( 1, 0, 0, 1, 0, 0 )
shapes/0/trigger = false
collision/layers = 1
collision/mask = 1
constant_linear_velocity = Vector2( 0, 0 )
constant_angular_velocity = 0.0
friction = 1.0
bounce = 0.0

[node name="CollisionShape2D" type="CollisionShape2D" parent="sand1/StaticBody2D"]

shape = SubResource( 1 )
trigger = false
_update_shape_index = 0

[node name="sand2" type="Sprite" parent="."]

transform/pos = Vector2( 128, 64 )
texture = ExtResource( 8 )
region_rect = Rect2( 0, 0, 32, 32 )

[node name="StaticBody2D" type="StaticBody2D" parent="sand2"]

input/pickable = false
shapes/0/shape = SubResource( 1 )
shapes/0/transform = Matrix32( 1, 0, 0, 1, 0, 0 )
shapes/0/trigger = false
collision/layers = 1
collision/mask = 1
constant_linear_velocity = Vector2( 0, 0 )
constant_angular_velocity = 0.0
friction = 1.0
bounce = 0.0

[node name="CollisionShape2D" type="CollisionShape2D" parent="sand2/StaticBody2D"]

shape = SubResource( 1 )
trigger = false
_update_shape_index = 0

[node name="sand3" type="Sprite" parent="."]

transform/pos = Vector2( 192, 64 )
texture = ExtResource( 9 )
region_rect = Rect2( 0, 0, 32, 32 )

[node name="StaticBody2D" type="StaticBody2D" parent="sand3"]

input/pickable = false
shapes/0/shape = SubResource( 1 )
shapes/0/transform = Matrix32( 1, 0, 0, 1, 0, 0 )
shapes/0/trigger = false
collision/layers = 1
collision/mask = 1
constant_linear_velocity = Vector2( 0, 0 )
constant_angular_velocity = 0.0
friction = 1.0
bounce = 0.0

[node name="CollisionShape2D" type="CollisionShape2D" parent="sand3/StaticBody2D"]

shape = SubResource( 1 )
trigger = false
_update_shape_index = 0

[node name="sand4" type="Sprite" parent="."]

transform/pos = Vector2( 256, 64 )
texture = ExtResource( 10 )
region_rect = Rect2( 0, 0, 32, 32 )

[node name="StaticBody2D" type="StaticBody2D" parent="sand4"]

input/pickable = false
shapes/0/shape = SubResource( 4 )
shapes/0/transform = Matrix32( 1, 0, 0, 1, 0, 0 )
shapes/0/trigger = false
collision/layers = 1
collision/mask = 1
constant_linear_velocity = Vector2( 0, 0 )
constant_angular_velocity = 0.0
friction = 1.0
bounce = 0.0

[node name="CollisionPolygon2D" type="CollisionPolygon2D" parent="sand4/StaticBody2D"]

build_mode = 0
polygon = Vector2Array( -15.6222, 16.267, 16.0211, 16.0922, 16.0211, -16.0757 )
shape_range = Vector2( 0, 0 )
trigger = false

[node name="sand5" type="Sprite" parent="."]

transform/pos = Vector2( 320, 64 )
texture = ExtResource( 11 )
region_rect = Rect2( 0, 0, 32, 32 )

[node name="StaticBody2D" type="StaticBody2D" parent="sand5"]

transform/rot = -90.9424
input/pickable = false
shapes/0/shape = SubResource( 5 )
shapes/0/transform = Matrix32( 1, 0, 0, 1, 0, 0 )
shapes/0/trigger = false
collision/layers = 1
collision/mask = 1
constant_linear_velocity = Vector2( 0, 0 )
constant_angular_velocity = 0.0
friction = 1.0
bounce = 0.0

[node name="CollisionPolygon2D" type="CollisionPolygon2D" parent="sand5/StaticBody2D"]

build_mode = 0
polygon = Vector2Array( 16.2112, 15.6593, 15.8238, -16.4445, -15.4667, 15.8928 )
shape_range = Vector2( 0, 0 )
trigger = false

[node name="sand0" type="Sprite" parent="."]

transform/pos = Vector2( 0, 64 )
texture = ExtResource( 12 )
region_rect = Rect2( 0, 0, 32, 32 )

[node name="StaticBody2D" type="StaticBody2D" parent="sand0"]

input/pickable = false
shapes/0/shape = SubResource( 1 )
shapes/0/transform = Matrix32( 1, 0, 0, 1, 0, 0 )
shapes/0/trigger = false
collision/layers = 1
collision/mask = 1
constant_linear_velocity = Vector2( 0, 0 )
constant_angular_velocity = 0.0
friction = 1.0
bounce = 0.0

[node name="CollisionShape2D" type="CollisionShape2D" parent="sand0/StaticBody2D"]

shape = SubResource( 1 )
trigger = false
_update_shape_index = 0

[node name="stone0" type="Sprite" parent="."]

transform/pos = Vector2( 0, 128 )
texture = ExtResource( 13 )
region_rect = Rect2( 0, 0, 32, 32 )

[node name="StaticBody2D" type="StaticBody2D" parent="stone0"]

input/pickable = false
shapes/0/shape = SubResource( 1 )
shapes/0/transform = Matrix32( 1, 0, 0, 1, 0, 0 )
shapes/0/trigger = false
collision/layers = 1
collision/mask = 1
constant_linear_velocity = Vector2( 0, 0 )
constant_angular_velocity = 0.0
friction = 1.0
bounce = 0.0

[node name="CollisionShape2D" type="CollisionShape2D" parent="stone0/StaticBody2D"]

shape = SubResource( 1 )
trigger = false
_update_shape_index = 0

[node name="stone1" type="Sprite" parent="."]

transform/pos = Vector2( 64, 128 )
texture = ExtResource( 14 )
region_rect = Rect2( 0, 0, 32, 32 )

[node name="StaticBody2D" type="StaticBody2D" parent="stone1"]

input/pickable = false
shapes/0/shape = SubResource( 6 )
shapes/0/transform = Matrix32( 1, 0, 0, 1, 0, 0 )
shapes/0/trigger = false
collision/layers = 1
collision/mask = 1
constant_linear_velocity = Vector2( 0, 0 )
constant_angular_velocity = 0.0
friction = 1.0
bounce = 0.0

[node name="CollisionPolygon2D" type="CollisionPolygon2D" parent="stone1/StaticBody2D"]

build_mode = 0
polygon = Vector2Array( -16.0294, 16.0469, 16.0589, 16.0469, 15.9962, -15.9786 )
shape_range = Vector2( 0, 0 )
trigger = false

[node name="stone2" type="Sprite" parent="."]

transform/pos = Vector2( 128, 128 )
texture = ExtResource( 15 )
region_rect = Rect2( 0, 0, 32, 32 )

[node name="StaticBody2D" type="StaticBody2D" parent="stone2"]

input/pickable = false
shapes/0/shape = SubResource( 7 )
shapes/0/transform = Matrix32( 1, 0, 0, 1, -0.142395, 0 )
shapes/0/trigger = false
collision/layers = 1
collision/mask = 1
constant_linear_velocity = Vector2( 0, 0 )
constant_angular_velocity = 0.0
friction = 1.0
bounce = 0.0

[node name="CollisionPolygon2D" type="CollisionPolygon2D" parent="stone2/StaticBody2D"]

transform/pos = Vector2( -0.142395, 0 )
build_mode = 0
polygon = Vector2Array( -16.0294, 16.0469, 16.0589, 16.0469, -15.8551, -16.7387 )
shape_range = Vector2( 0, 0 )
trigger = false

[node name="stone3" type="Sprite" parent="."]

transform/pos = Vector2( 192, 128 )
texture = ExtResource( 16 )
region_rect = Rect2( 0, 0, 32, 32 )

[node name="StaticBody2D" type="StaticBody2D" parent="stone3"]

input/pickable = false
shapes/0/shape = SubResource( 8 )
shapes/0/transform = Matrix32( 1, 0, 0, 1, 0, 0 )
shapes/0/trigger = false
collision/layers = 1
collision/mask = 1
constant_linear_velocity = Vector2( 0, 0 )
constant_angular_velocity = 0.0
friction = 1.0
bounce = 0.0

[node name="CollisionPolygon2D" type="CollisionPolygon2D" parent="stone3/StaticBody2D"]

build_mode = 0
polygon = Vector2Array( -16.0294, 16.0469, -16.0203, -16.0736, 15.9962, -15.9786 )
shape_range = Vector2( 0, 0 )
trigger = false

[node name="stone4" type="Sprite" parent="."]

transform/pos = Vector2( 256, 128 )
texture = ExtResource( 17 )
region_rect = Rect2( 0, 0, 32, 32 )

[node name="StaticBody2D" type="StaticBody2D" parent="stone4"]

input/pickable = false
shapes/0/shape = SubResource( 9 )
shapes/0/transform = Matrix32( 1, 0, 0, 1, 0, 0 )
shapes/0/trigger = false
collision/layers = 1
collision/mask = 1
constant_linear_velocity = Vector2( 0, 0 )
constant_angular_velocity = 0.0
friction = 1.0
bounce = 0.0

[node name="CollisionPolygon2D" type="CollisionPolygon2D" parent="stone4/StaticBody2D"]

build_mode = 0
polygon = Vector2Array( -16.2012, -15.976, 16.0589, 16.0469, 15.9962, -15.9786 )
shape_range = Vector2( 0, 0 )
trigger = false


